@inproceedings{Harbulot:2006:JPL:1119655.1119666,
 author = {Harbulot, Bruno and Gurd, John R.},
 title = {A join point for loops in AspectJ},
 booktitle = {Proceedings of the 5th international conference on Aspect-oriented software development},
 series = {AOSD '06},
 year = {2006},
 isbn = {1-59593-300-X},
 location = {Bonn, Germany},
 pages = {63--74},
 numpages = {12},
 url = {http://doi.acm.org/10.1145/1119655.1119666},
 doi = {10.1145/1119655.1119666},
 acmid = {1119666},
 publisher = {ACM},
 address = {New York, NY, USA},
 keywords = {AspectJ, loop join point},
} 

